% Bibtex list comes here

@article{doi:10.1063/1.4863650,
author = {K. Fujii and S. Atsumi and S. Watanabe and T. Shikama and M. Goto and S. Morita and M. Hasuo},
title = {Development of a high dynamic range spectroscopic system for observation of neutral hydrogen atom density distribution in Large Helical Device core plasma},
journal = {Review of Scientific Instruments},
volume = {85},
number = {2},
pages = {023502},
year = {2014},
doi = {10.1063/1.4863650},

URL = {
        http://dx.doi.org/10.1063/1.4863650

},
eprint = {
        http://dx.doi.org/10.1063/1.4863650

}

}
